@article{gozdecki2003quality,
  title={Quality of service terminology in IP networks},
  author={Gozdecki, Janusz and Jajszczyk, Andrzej and Stankiewicz, Rafal},
  journal={Communications Magazine, IEEE},
  volume={41},
  number={3},
  pages={153--159},
  year={2003},
  publisher={IEEE}
}


@inproceedings{AlcockLibprotoident2012,
  title = {Libprotoident: Traffic Classification Using Lightweight Packet Inspection (Technical Report).},
  author = { Alcock, Shane and Nelson, Richard},
  publisher = {University of Waikato},
howpublished = "\url{http://www.wand.net.nz/publications/lpireport}",
  year = 2012
}

@inproceedings{KimscalableQoS2010,
author = {Kim, Wonho and Sharma, Puneet and Lee, Jeongkeun and Banerjee, Sujata and Tourrilhes, Jean and Lee, Sung-Ju and Yalagandula, Praveen},
 title = {Automated and scalable QoS control for network convergence},
 booktitle = {Proceedings of the 2010 internet network management conference on Research on enterprise networking},
 year = {2010}
} 

@inproceedings{KoOpenQFlow2013,
  author    = {Ko, Nam-Seok  and
               Heo, Hwanjo  and
               Park, Jong-Dae and
               Park Hong-Shik },
  title     = {OpenQFlow: Scalable OpenFlow with Flow-Based QoS},
  journal   = {IEICE Transactions},
  volume    = {96-B},
  number    = {2},
  year      = {2013},
  }

@inproceedings{MortierHomeInterface2011,
author = {Mortier, Richard and Bedwell, Ben and Glover, Kevin and Lodge, Tom and Rodden, Tom and Rotsos, Charalampos and Moore, Andrew W. and Koliousis, Alexandros and Sventek, Joseph},
 title = {Supporting novel home network management interfaces with openflow and NOX},
 booktitle = {Proceedings of the ACM SIGCOMM 2011 conference},
 series = {SIGCOMM '11},
 year = {2011}
 }

@inproceedings{GeorgopoulosQOE2013,
author = {Georgopoulos, Panagiotis and Elkhatib, Yehia and Broadbent, Matthew and Mu, Mu and Race, Nicholas},
 title = {Towards network-wide QoE fairness using openflow-assisted adaptive video streaming},
 booktitle = {Proceedings of the 2013 ACM SIGCOMM workshop on Future human-centric multimedia networking},
 series = {FhMN '13},
 year = {2013}
 }


@inproceedings{IshimoriQoSFlow2012,
    author = { Ishimori, Airton and  Faria, Fernando  and  Carvalho, Igor and Cerqueira, Eduardo and Abelem, Antonio },
     month = jun,
     title = {Automatic QoS Management on OpenFlow Software-Defined Networks},
      year = {2012}
} 


@INPROCEEDINGS{SonkolyOfelia2012, 
author={Sonkoly, B. and Gulyas, A. and Nemeth, F. and Czentye, J. and Kurucz, K. and Novak, B. and Vaszkun, G.}, 
booktitle={2012 European Workshop onSoftware Defined Networking (EWSDN)}, 
title={On QoS Support to Ofelia and OpenFlow}, 
year={2012}, 
}


@article{mckeown2008openflow,
  title={OpenFlow: enabling innovation in campus networks},
  author={McKeown, Nick and Anderson, Tom and Balakrishnan, Hari and Parulkar, Guru and Peterson, Larry and Rexford, Jennifer and Shenker, Scott and Turner, Jonathan},
  journal={ACM SIGCOMM Computer Communication Review},
  volume={38},
  number={2},
  pages={69--74},
  year={2008},
  publisher={ACM}
}

@inproceedings{sundaresan2011broadband,
  title={Broadband internet performance: a view from the gateway},
  author={Sundaresan, Srikanth and De Donato, Walter and Feamster, Nick and Teixeira, Renata and Crawford, Sam and Pescap{\`e}, Antonio},
  booktitle={ACM SIGCOMM Computer Communication Review},
  volume={41},
  number={4},
  pages={134--145},
  year={2011},
  organization={ACM}
}

@book{upton2012raspberry,
  title={Raspberry Pi User Guide},
  author={Upton, Eben and Halfacree, Gareth},
  year={2012},
  publisher={John Wiley \& Sons}
}

@misc{netem,
  author = {Linux Foundation},
  title = {{Network Emulator}},
  howpublished = "\url{http://www.linuxfoundation.org/collaborate/workgroups/networking/netem}",
  year = {2009}, 
  note = "[Online; accessed 19-November-2009]"
}

@misc{speedtest,
  author = {OOKLA},
  title = {{Speedtest.net}},
  howpublished = "\url{http://www.speedtest.net/}",
  year = {2014}, 
}

@misc{stab,
  author = {Ribeiro, Vinay and  Baraniuk, Richard and Riedi, Rudolf},
  title = {{Spatio-Temporal Available Bandwidth estimator}},
  howpublished = "\url{http://www.spin.rice.edu/Software/STAB/}",
  year = {2004}, 
}

@inproceedings{netalyzr,
 author = {Kreibich, Christian and Weaver, Nicholas and Nechaev, Boris and Paxson, Vern},
 title = {Netalyzr: Illuminating the Edge Network},
 booktitle = {Proceedings of the 10th ACM SIGCOMM Conference on Internet Measurement},
 series = {IMC '10},
 year = {2010},
 isbn = {978-1-4503-0483-2},
 location = {Melbourne, Australia},
 pages = {246--259},
 numpages = {14},
 url = {http://doi.acm.org/10.1145/1879141.1879173},
 doi = {10.1145/1879141.1879173},
 acmid = {1879173},
 publisher = {ACM},
 address = {New York, NY, USA},
 keywords = {network measurement, network neutrality, network performance, network troubleshooting},
}

@misc{tools,
  author = {Sally Floyd},
  title = {{Tools for Bandwidth Estimation}},
  howpublished = "\url{http://www.icir.org/models/tools.html}",
  year = {2009}, 
}

@inproceedings{wise,
 author = {Patro, Ashish and Govindan, Srinivas and Banerjee, Suman},
 title = {Observing Home Wireless Experience Through WiFi APs},
 booktitle = {Proceedings of the 19th Annual International Conference on Mobile Computing \&\#38; Networking},
 series = {MobiCom '13},
 year = {2013},
 isbn = {978-1-4503-1999-7},
 location = {Miami, Florida, USA},
 pages = {339--350},
 numpages = {12},
 url = {http://doi.acm.org/10.1145/2500423.2500448},
 doi = {10.1145/2500423.2500448},
 acmid = {2500448},
 publisher = {ACM},
 address = {New York, NY, USA},
 keywords = {characterization, deployment, home WiFi networks, interference, measurement, wise},
}

@article{wlanprobe,
 author = {Kanuparthy, Partha and Dovrolis, Constantine and Papagiannaki, Konstantina and Seshan, Srinivasan and Steenkiste, Peter},
 title = {Can User-level Probing Detect and Diagnose Common home-WLAN Pathologies},
 journal = {SIGCOMM Comput. Commun. Rev.},
 issue_date = {January 2012},
 volume = {42},
 number = {1},
 month = jan,
 year = {2012},
 issn = {0146-4833},
 pages = {7--15},
 numpages = {9},
 url = {http://doi.acm.org/10.1145/2096149.2096151},
 doi = {10.1145/2096149.2096151},
 acmid = {2096151},
 publisher = {ACM},
 address = {New York, NY, USA},
 keywords = {802.11, diagnosis, home networks, performance, probing},
}

@inproceedings{wtf,
 author = {Sundaresan, Srikanth and Feamster, Nick and Teixeira, Renata},
 title = {Locating Throughput Bottlenecks in Home Networks},
 booktitle = {Proceedings of the 2014 ACM Conference on SIGCOMM},
 series = {SIGCOMM '14},
 year = {2014},
 isbn = {978-1-4503-2836-4},
 location = {Chicago, Illinois, USA},
 pages = {351--352},
 numpages = {2},
 url = {http://doi.acm.org/10.1145/2619239.2631440},
 doi = {10.1145/2619239.2631440},
 acmid = {2631440},
 publisher = {ACM},
 address = {New York, NY, USA},
 keywords = {bottleneck location, home networks, performance diagnosis, troubleshooting},
}

@MISC{Ribeiro03pathchirp:efficient,
    author = {Vinay J. Ribeiro and Rudolf H. Riedi and Richard G. Baraniuk and Jiri Navratil and Les Cottrell},
    title = {pathChirp: Efficient Available Bandwidth Estimation for Network Paths},
    year = {2003}
}